@book{sorensen,
  title={{Marine Cybernetics}},
  author={Asgeir J. S\o rensen},
  year={2012},
  publisher={NTNU Publishing},
  isbn={0131485210}
}