@book{argo,
  title={Initial Development of a
Course Keeping Vessel},
  author={Brian Bach Nielsen and Nick \O stergaard and Simon Als Nielsen and Rasmus Lundgaard Christensen and Christoffer Stagsted Andreassen},
  year={2012}
}

